@MISC{epub3Changes,
  author = {{International Digital Publishing Forum}},
  title = {EPUB 3 Changes from EPUB 2.0.1},
  month = {oct},
  year = {2011},
  note = {\url{http://www.idpf.org/epub/30/spec/epub30-changes.html}},
}

@MISC{ebookFormat,
    author = {{Wikipedia, the free encyclopedia}},
    title = {Comparison of e-book formats},
    month = {may},
    year = {2013},
    note = {\url{https://en.wikipedia.org/wiki/Comparison_of_e-book_formats}},
}
